
@misc{github:dinamica,
    Howpublished = {\url{https://github.com/robblack007/clase-dinamica-robot}},
    Title = {Github: robblack007/clase-dinamica-robot}}

@misc{github:instalacion,
    Howpublished = {\url{https://github.com/robblack007/clase-dinamica-robot/wiki/Instalacion}},
    Title = {Github: robblack007/clase-dinamica-robot/wiki/Instalacion}}

@misc{google:Robotics,
    Howpublished = {\url{https://www.google.com.mx/#q=robotics+class+programming+labs}},
    Title = {Google: robotics class programming labs}}

@book{metodos:2007,
    Year = {2007},
    Author = {Steven C. Chapra, Raymond P. Canale},
    Title = {M{é}todos num{é}ricos para ingenieros},
    Publisher = {McGRAW-HILL/INTERAMERICANA EDITORES, S.A. DE C.V.},
    Address = {M{´e}xico, D.F.}}

@book{robotica:2005,
    Year = {2005},
    Author = {Mark W. Spong, Seth Hutchinson, M. Vidyasagar},
    Title = {Robot Modeling and Control},
    Publisher = {JOHN WILEY \& SONS, INC.},
    Address = {New York}}

@book{control:2010,
    Year = {2010},
    Author = {Katsuhiko Ogata},
    Title = {Modern Control Engineering},
    Publisher = {PEARSON EDUCATION},
    Address = {Mexico City}}

@manual{apuntes:2014,
    Year = {2014},
    Author = {Roberto Cadena Vega},
    Title = {Apuntes de clase Din{á}mica del Robot impartida en la Universidad Tecnol{ó}gica de México},
    Address = {M{é}xico, D.F.}}

@manual{MATLAB:2015,
    Address = {Natick, Massachusetts},
    Organization = {The Mathworks, Inc.},
    Title = {MATLAB version 8.5.0.197613 (R2015a)},
    Year = {2015}}
